%% This BibTeX bibliography file was created using BibDesk.
%% http://bibdesk.sourceforge.net/


%% Created for Michael Frank at 2014-09-22 15:18:01 -0700 


%% Saved with string encoding Unicode (UTF-8) 



@inproceedings{casillas2013,
	Author = {Casillas, Marisa and Frank, Michael C},
	Booktitle = {Proceedings of the 35th Annual Meeting of the Cognitive Science Society},
	Date-Added = {2014-09-22 22:17:59 +0000},
	Date-Modified = {2014-09-22 22:18:01 +0000},
	Title = {The development of predictive processes in childrenÂ’s discourse understanding},
	Year = {2013}}

@article{casillas2012,
	Author = {Casillas, Marisa and Frank, Michael C},
	Date-Added = {2014-09-22 22:17:32 +0000},
	Date-Modified = {2014-09-22 22:18:01 +0000},
	Journal = {Proceedings of SemDial},
	Title = {Cues to turn boundary prediction in adults and preschoolers},
	Year = {2012}}

@article{pannekamp2006,
	Author = {Pannekamp, Ann and Weber, Christiane and Friederici, Angela D},
	Journal = {NeuroReport},
	Number = {6},
	Pages = {675--678},
	Publisher = {LWW},
	Title = {Prosodic processing at the sentence level in infants},
	Volume = {17},
	Year = {2006}}

@incollection{cameron-faulkner2014,
	Author = {Cameron Faulkner, Thea},
	Booktitle = {Pragmatic Development in First Language Acquisition},
	Editor = {Matthews, D.},
	Pages = {37--52},
	Publisher = {John Benjamins, Amsterdam},
	Title = {The development of speech acts},
	Year = {2014}}

@article{henning2005,
	Author = {Henning, Anne and Striano, Tricia and Lieven, Elena VM},
	Journal = {Infant Behavior and Development},
	Number = {4},
	Pages = {519--536},
	Publisher = {Elsevier},
	Title = {Maternal speech to infants at 1 and 3 months of age},
	Volume = {28},
	Year = {2005}}

@article{hart1992,
	Author = {Hart, Betty and Risley, Todd R},
	Journal = {Developmental Psychology},
	Number = {6},
	Pages = {1096},
	Publisher = {American Psychological Association},
	Title = {American parenting of language-learning children: {P}ersisting differences in family-child interactions observed in natural home environments.},
	Volume = {28},
	Year = {1992}}

@article{shatz1979,
	Author = {Shatz, Marilyn},
	Journal = {Child Development},
	Number = {4},
	Pages = {1093--1099},
	Publisher = {JSTOR},
	Title = {How to do things by asking: Form-function pairings in mothers' questions and their relation to children's responses},
	Volume = {50},
	Year = {1979}}

@article{bates1975,
	Author = {Bates, Elizabeth and Camaioni, Luigia and Volterra, Virginia},
	Journal = {Merrill-Palmer Quarterly of Behavior and Development},
	Pages = {205--226},
	Publisher = {JSTOR},
	Title = {The acquisition of performatives prior to speech},
	Year = {1975}}

@book{clark2009,
	Author = {Clark, Eve V},
	Publisher = {Cambridge University Press},
	Title = {First language acquisition},
	Year = {2009}}

@book{jusczyk2000,
	Author = {Jusczyk, Peter W},
	Publisher = {MIT press},
	Title = {The Discovery of Spoken Language},
	Year = {2000}}

@manual{lme4,
	Author = {Douglas Bates and Martin Maechler and Ben Bolker and Steven Walker},
	Note = {[Computer program] R package version 1.1-7},
	Title = {{l}me4: {L}inear mixed-effects models using {E}igen and {S}4},
	Url = {https://github.com/lme4/lme4/http://lme4.r-forge.r-project.org/},
	Year = 2014,
	Bdsk-Url-1 = {https://github.com/lme4/lme4/http://lme4.r-forge.r-project.org/}}

@manual{R,
	Address = {Vienna, Austria},
	Author = {{R Core Team}},
	Note = {[Computer program] Version 3.1.1},
	Organization = {R Foundation for Statistical Computing},
	Title = {R: A Language and Environment for Statistical Computing},
	Url = {http://www.R-project.org},
	Year = 2014,
	Bdsk-Url-1 = {http://www.R-project.org}}

@inproceedings{hedberg2010,
	Author = {Hedberg, Nancy and Sosa, Juan M and G{\"o}rg{\"u}l{\"u}, Emrah and Mameni, Morgan},
	Booktitle = {Speech Prosody 2010--Fifth International Conference},
	Title = {The prosody and meaning of {W}h-Questions in {A}merican {E}nglish},
	Year = {2010}}

@inproceedings{ELAN,
	Author = {Wittenburg, P. and Brugman, H. and Russel, A. and Klassmann, A. and Sloetjes, H.},
	Booktitle = {Proceedings of {LREC}},
	Title = {ELAN: a professional framework for multimodality research},
	Year = {2006}}

@manual{praat,
	Author = {Boersma, P. and Weenink, D.},
	Note = {[Computer program] Version 5.3.16},
	Title = {Praat: doing phonetics by computer},
	Url = {http://www.praat.org},
	Year = {2012},
	Bdsk-Url-1 = {http://www.praat.org}}

@article{carlson2005,
	Author = {Carlson, Rolf and Hirschberg, Julia and Swerts, Marc},
	Journal = {Speech Communication},
	Number = {3},
	Pages = {326--333},
	Publisher = {Elsevier},
	Title = {Cues to upcoming Swedish prosodic boundaries: Subjective judgment studies and acoustic correlates},
	Volume = {46},
	Year = {2005}}

@incollection{fitneva2012,
	Author = {Fitneva, S.},
	Booktitle = {Questions: {F}ormal, {F}unctional, and {I}nteractional {P}erspectives},
	Editor = {de Ruiter, J.-P.},
	Pages = {165--178},
	Publisher = {Cambridge University Press, Cambridge, UK},
	Title = {Beyond answers: questions and children's learning},
	Year = {2012}}

@article{barr2013,
	Author = {Barr, Dale J and Levy, Roger and Scheepers, Christoph and Tily, Harry J},
	Journal = {Journal of Memory and Language},
	Number = {3},
	Pages = {255--278},
	Publisher = {Elsevier},
	Title = {Random effects structure for confirmatory hypothesis testing: {K}eep it maximal},
	Volume = {68},
	Year = {2013}}

@book{jefferson1989,
	Author = {Jefferson, Gail},
	Publisher = {Multilingual Matters},
	Title = {Preliminary notes on a possible metric which provides for a `standard maximum' silence of approximately one second in conversation},
	Year = {1989}}

@inproceedings{TiceHenetz11,
	Author = {{Tice (Casillas)}, M. and Henetz, T.},
	Booktitle = {Proceedings of the 33rd Annual Meeting of the {C}ognitive {S}cience {S}ociety},
	Title = {Turn-boundary projection: Looking ahead},
	Year = {2011}}

@article{lemasson2011,
	Author = {Lemasson, A and Glas, L and Barbu, S and Lacroix, A and Guilloux, M and Remeuf, K and Koda, H},
	Journal = {Nature Scientific Reports},
	Publisher = {Nature Publishing Group},
	Title = {Youngsters do not pay attention to conversational rules: is this so for nonhuman primates?},
	Volume = {1},
	Year = {2011}}

@incollection{ervin-tripp1979,
	Author = {Ervin-Tripp, S.},
	Booktitle = {Developmental Pragmatics},
	Editor = {Ochs, E. and Schieffelin, B. B.},
	Pages = {391--414},
	Publisher = {Academic Press, New York},
	Title = {Children's verbal turn-taking},
	Year = {1979}}

@article{rochat1998,
	Author = {Rochat, Philippe and Neisser, Ulric and Marian, Viorica},
	Journal = {Infant Behavior and Development},
	Number = {2},
	Pages = {355--366},
	Publisher = {Elsevier},
	Title = {Are young infants sensitive to interpersonal contingency?},
	Volume = {21},
	Year = {1998}}

@article{toda1993,
	Author = {Toda, S. and Fogel, A.},
	Journal = {Developmental Psychology},
	Number = {3},
	Pages = {532},
	Publisher = {American Psychological Association},
	Title = {Infant response to the still-face situation at 3 and 6 months},
	Volume = {29},
	Year = {1993}}

@article{k-bloom1988,
	Author = {Bloom, K.},
	Journal = {Journal of Child Language},
	Number = {3},
	Pages = {469--480},
	Publisher = {Cambridge University Press},
	Title = {Quality of adult vocalizations affects the quality of infant vocalizations},
	Volume = {15},
	Year = {1988}}

@article{masataka1993,
	Author = {Masataka, N.},
	Journal = {Journal of Child Language},
	Number = {02},
	Pages = {303--312},
	Publisher = {Cambridge University Press},
	Title = {Effects of contingent and noncontingent maternal stimulation on the vocal behaviour of three-to four-month-old {J}apanese infants},
	Volume = {20},
	Year = {1993}}

@article{bakker2011,
	Author = {Bakker, Marta and Kochukhova, Olga and von Hofsten, Claes},
	Journal = {Infant Behavior and Development},
	Number = {2},
	Pages = {363--370},
	Publisher = {Elsevier},
	Title = {Development of social perception: A conversation study of 6-, 12-and 36-month-old children},
	Volume = {34},
	Year = {2011}}

@article{thorgrimssonUndRev,
	Author = {Thorgr\'{i}msson, G. and Fawcett, C. and Liszkowski, U.},
	Year = {under review}}

@article{augusti2010,
	Author = {Augusti, Else-Marie and Melinder, Annika and Gredeb{\"a}ck, Gustaf},
	Journal = {Developmental Psychology},
	Pages = {161},
	Publisher = {Frontiers},
	Volume = {1},
	Year = {2010}}

@article{beier2012,
	Author = {Beier, Jonathan S and Spelke, Elizabeth S},
	Journal = {Child Development},
	Number = {2},
	Pages = {486--496},
	Publisher = {Wiley Online Library},
	Volume = {83},
	Year = {2012}}

@article{hirvenkari2013,
	Author = {Hirvenkari, Lotta and Ruusuvuori, Johanna and Saarinen, Veli-Matti and Kivioja, Maari and Per{\"a}kyl{\"a}, Anssi and Hari, Riitta},
	Journal = {PloS one},
	Number = {8},
	Pages = {e71569},
	Publisher = {Public Library of Science},
	Title = {Influence of Turn-Taking in a Two-Person Conversation on the Gaze of a Viewer},
	Volume = {8},
	Year = {2013}}

@article{magyariUndRev,
	Author = {Magyari, Lilla and Bastiaansen, Marcel C. M. and De Ruiter, Jan P. and Levinson, Stephen C.},
	Journal = {Journal of Cognitive Neuroscience},
	Title = {Early anticipation lies behind the speed of response in conversation},
	Year = {In press}}

@article{bogelsmagyariInPrep,
	Author = {B{\"o}gels, Sara and Magyari, Lilla},
	Title = {Language production planning during turn-taking starts as soon as possible},
	Year = {in preparation}}

@article{gisladottirUndRev,
	Author = {G{\'\i}slad{\'o}ttir, R\{\'o}sa and Chwilla, Dorothee and Levinson, Stephen C.},
	Title = {Conversation electrified: {ERP} correlates of speech act recognition in underspecified utterances.},
	Year = {under review}}

@article{magyari2012,
	Author = {Magyari, Lilla and De Ruiter, Jan P},
	Journal = {Frontiers in Psychology},
	Pages = {1--9},
	Publisher = {Frontiers Media SA},
	Title = {Prediction of turn-ends based on anticipation of upcoming words},
	Volume = {3:376},
	Year = {2012}}

@article{ross1987,
	Author = {Ross, Hildy S and Lollis, Susan P},
	Journal = {Developmental Psychology},
	Number = {2},
	Pages = {241},
	Publisher = {American Psychological Association},
	Title = {Communication within infant social games.},
	Volume = {23},
	Year = {1987}}

@article{ratner1978,
	Author = {Ratner, Nancy and Bruner, Jerome},
	Journal = {Journal of Child Language},
	Number = {03},
	Pages = {391--401},
	Publisher = {Cambridge Univ Press},
	Title = {Games, social exchange and the acquisition of language},
	Volume = {5},
	Year = {1978}}

@book{levelt1989,
	Author = {Levelt, Willem JM},
	Publisher = {MIT press},
	Title = {Speaking: From intention to articulation},
	Year = {1989}}

@article{snow1977,
	Author = {Snow, Catherine E},
	Journal = {Journal of Child Language},
	Number = {01},
	Pages = {1--22},
	Publisher = {Cambridge Univ Press},
	Title = {The development of conversation between mothers and babies},
	Volume = {4},
	Year = {1977}}

@article{takahashi2013,
	Author = {Takahashi, Daniel Y and Narayanan, Darshana Z and Ghazanfar, Asif A},
	Journal = {Current Biology},
	Number = {21},
	Pages = {2162--2168},
	Publisher = {Elsevier},
	Title = {Coupled oscillator dynamics of vocal turn-taking in monkeys},
	Volume = {23},
	Year = {2013}}

@article{torreiraUndRev,
	Author = {Torreira, Francisco and B{\"o}gels, Sara and Levinson, Stephen C.},
	Title = {Intonational phrasing is necessary for turn-taking in spoken interaction},
	Year = {under review}}

@article{stivers2010,
	Author = {Stivers, Tanya and Rossano, Federico},
	Journal = {Research on Language and Social Interaction},
	Number = {1},
	Pages = {3--31},
	Publisher = {Taylor \& Francis},
	Title = {Mobilizing response},
	Volume = {43},
	Year = {2010}}

@incollection{rossano2009,
	Author = {Rossano, Federico and Brown, Penelope and Levinson, Stephen C},
	Booktitle = {Conversation Analysis: Comparative Perspectives},
	Editor = {Sidnell, Jack},
	Pages = {187--249},
	Publisher = {Cambridge University Press, Cambridge},
	Title = {Gaze, questioning and culture},
	Year = {2009}}

@book{schegloff2007,
	Author = {Schegloff, Emanuel A},
	Publisher = {Cambridge University Press},
	Title = {Sequence organization in interaction: Volume 1: A primer in conversation analysis},
	Year = {2007}}

@article{duncan1972,
	Author = {Duncan, Starkey},
	Journal = {Journal of Personality and Social Psychology},
	Number = {2},
	Pages = {283},
	Publisher = {American Psychological Association},
	Title = {Some signals and rules for taking speaking turns in conversations.},
	Volume = {23},
	Year = {1972}}

@article{ford1996,
	Author = {Ford, Cecilia E and Thompson, Sandra A},
	Journal = {Studies in Interactional Sociolinguistics},
	Pages = {134--184},
	Publisher = {Cambridge University Press},
	Title = {Interactional units in conversation: Syntactic, intonational, and pragmatic resources for the management of turns},
	Volume = {13},
	Year = {1996}}

@article{sacks1974,
	Author = {Sacks, Harvey and Schegloff, Emanuel A and Jefferson, Gail},
	Journal = {Language},
	Number = {4},
	Pages = {696--735},
	Publisher = {JSTOR},
	Title = {A simplest systematics for the organization of turn-taking for conversation},
	Volume = {50},
	Year = {1974}}

@article{grossmann2005,
	Author = {Grossmann, Tobias and Striano, Tricia and Friederici, Angela D},
	Journal = {NeuroReport},
	Number = {16},
	Pages = {1825--1828},
	Publisher = {LWW},
	Title = {Infants' electric brain responses to emotional prosody},
	Volume = {16},
	Year = {2005}}

@article{johnson2001,
	Author = {Johnson, Elizabeth K and Jusczyk, Peter W},
	Journal = {Journal of Memory and Language},
	Number = {4},
	Pages = {548--567},
	Publisher = {Elsevier},
	Title = {Word segmentation by 8-month-olds: When speech cues count more than statistics},
	Volume = {44},
	Year = {2001}}

@article{jusczyk1999,
	Author = {Jusczyk, Peter W and Houston, Derek M and Newsome, Mary},
	Journal = {Cognitive Psychology},
	Number = {3},
	Pages = {159--207},
	Publisher = {Elsevier},
	Title = {The beginnings of word segmentation in English-learning infants},
	Volume = {39},
	Year = {1999}}

@article{bertoncini2013,
	Author = {Bertoncini, Josiane},
	Journal = {The Development Of Sensory, Motor And Cognitive Capacities In Early Infancy: From Sensation To Cognition},
	Pages = {161},
	Publisher = {Psychology Press},
	Title = {Initial capacities for speech processing: Infants' attention to prosodic cues for segmentation},
	Year = {2013}}

@article{christophe2001,
	Author = {Christophe, Anne and Mehler, Jacques and Sebasti{\'a}n-Gall{\'e}s, N{\'u}ria},
	Journal = {Infancy},
	Number = {3},
	Pages = {385--394},
	Publisher = {Wiley Online Library},
	Title = {Perception of prosodic boundary correlates by newborn infants},
	Volume = {2},
	Year = {2001}}

@article{bergelson2013,
	Author = {Bergelson, Elika and Swingley, Daniel},
	Journal = {Cognition},
	Number = {3},
	Pages = {391--397},
	Publisher = {Elsevier},
	Title = {The acquisition of abstract words by young infants},
	Volume = {127},
	Year = {2013}}

@book{jaffe2001,
	Author = {Jaffe, Joseph and Beebe, Beatrice and Feldstein, Stanley and Crown, Cynthia L and Jasnow, Michael D and Rochat, Philippe and Stern, Daniel N},
	Pages = {i--149},
	Publisher = {Monographs of the Society for Research in Child Development. JSTOR},
	Title = {Rhythms of dialogue in infancy: Coordinated timing in development},
	Year = {2001}}

@article{casillasUndRev,
	Author = {Casillas, Marisa and Bobb, Susan C. and Clark, Eve V.},
	Title = {Turn taking, timing, and planning in early language acquisition},
	Year = {under review}}

@article{hilbrinkInPrep,
	Author = {Hilbrink, Elma and Gattis, Meredith and Levinson, Stephen C.},
	Year = {in preparation}}

@article{de-vosInPrep,
	Author = {De Vos, Connie and Torreira, Francisco and Levinson, Stephen C.},
	Title = {Title???},
	Year = {in preparation}}

@article{dingemanse2013,
	Author = {Dingemanse, Mark and Torreira, Francisco and Enfield, NJ},
	Journal = {PloS one},
	Number = {11},
	Pages = {e78273},
	Publisher = {Public Library of Science},
	Volume = {8},
	Year = {2013}}

@article{de-ruiter2006,
	Author = {De Ruiter, Jan Peter and Mitterer, Holger and Enfield, Nick J},
	Date-Added = {2014-06-18 22:39:09 +0000},
	Date-Modified = {2014-06-18 22:39:11 +0000},
	Journal = {Language},
	Number = {3},
	Pages = {515--535},
	Publisher = {JSTOR},
	Title = {Projecting the end of a speaker's turn: A cognitive cornerstone of conversation},
	Volume = {82},
	Year = {2006}}

@article{stivers2009,
	Author = {Stivers, Tanya and Enfield, Nicholas J and Brown, Penelope and Englert, Christina and Hayashi, Makoto and Heinemann, Trine and Hoymann, Gertie and Rossano, Federico and De Ruiter, Jan Peter and Yoon, Kyung-Eun and others},
	Date-Added = {2014-06-18 22:31:19 +0000},
	Date-Modified = {2014-06-18 22:31:23 +0000},
	Journal = {Proceedings of the National Academy of Sciences},
	Number = {26},
	Pages = {10587--10592},
	Publisher = {National Academy of Sciences},
	Title = {Universals and cultural variation in turn-taking in conversation},
	Volume = {106},
	Year = {2009}}

@article{hofsten2009,
	Author = {von Hofsten, Claes and Uhlig, Helena and Adell, Malin and Kochukhova, Olga},
	Date-Added = {2014-06-18 22:22:37 +0000},
	Date-Modified = {2014-06-18 22:22:40 +0000},
	Journal = {Research in Autism Spectrum Disorders},
	Number = {2},
	Pages = {556--569},
	Publisher = {Elsevier},
	Title = {How children with autism look at events},
	Volume = {3},
	Year = {2009}}

@article{keitel2013,
	Author = {Keitel, Anne and Prinz, Wolfgang and Friederici, Angela D and Hofsten, Claes von and Daum, Moritz M},
	Date-Added = {2014-06-18 22:22:24 +0000},
	Date-Modified = {2014-06-18 22:22:40 +0000},
	Journal = {Journal of Experimental Child Psychology},
	Number = {2},
	Pages = {264--277},
	Publisher = {Elsevier},
	Title = {Perception of conversations: The importance of semantics and intonation in childrenÂ’s development},
	Volume = {116},
	Year = {2013}}
